<?xml version="1.0" encoding="UTF-8"?><collection xmlns="http://www.loc.gov/MARC21/slim"><record><leader>00412nam--2200157-i-4500</leader><controlfield tag="001">000007593</controlfield><controlfield tag="002">20161230</controlfield><controlfield tag="005">20170224012650</controlfield><controlfield tag="008">060222s1000------------r-----000-0-eng-d</controlfield><datafield ind1=" " ind2=" " tag="100"><subfield code="a">Carlson, W. J</subfield></datafield><datafield ind1=" " ind2=" " tag="245"><subfield code="a">Analysis of power ramps with an analog computer</subfield></datafield><datafield ind1=" " ind2=" " tag="260"><subfield code="a">Washington</subfield><subfield code="b">Atomics International</subfield><subfield code="c">1964</subfield></datafield><datafield ind1=" " ind2=" " tag="300"><subfield code="a">39 p</subfield></datafield><datafield ind1=" " ind2=" " tag="490"><subfield code="a">Naa-sr-7929</subfield></datafield><datafield ind1=" " ind2=" " tag="700"><subfield code="a">Gunby, Al</subfield></datafield><datafield ind1=" " ind2=" " tag="CAT"><subfield code="a">SYS</subfield><subfield code="c">20170224</subfield><subfield code="h">012650</subfield></datafield></record></collection>